<?xml version="1.0" encoding="UTF-8"?><record xmlns="http://www.loc.gov/MARC21/slim" xmlns:cinclude="http://apache.org/cocoon/include/1.0" xmlns:zs="http://www.loc.gov/zing/srw/">
  <leader>00508cz  a2200145n  4500</leader>
  <controlfield tag="001">n  85125745 </controlfield>
  <controlfield tag="003">DLC</controlfield>
  <controlfield tag="005">19920512055327.9</controlfield>
  <controlfield tag="008">850731n| acannaab|          |a aaa      </controlfield>
  <datafield tag="010" ind1=" " ind2=" ">
    <subfield code="a">n  85125745 </subfield>
  </datafield>
  <datafield tag="040" ind1=" " ind2=" ">
    <subfield code="a">DLC</subfield>
    <subfield code="c">DLC</subfield>
    <subfield code="d">MiU</subfield>
  </datafield>
  <datafield tag="100" ind1="1" ind2="0">
    <subfield code="a">Rubart, Frauke</subfield>
  </datafield>
  <datafield tag="400" ind1="1" ind2="0">
    <subfield code="a">Rubarth, Frauke</subfield>
  </datafield>
  <datafield tag="670" ind1=" " ind2=" ">
    <subfield code="a">Nullmeier, F. Umweltbewegungen und Parteiensystem, c1983:</subfield>
    <subfield code="b">t.p. (Frauke Rubart)</subfield>
  </datafield>
  <datafield tag="670" ind1=" " ind2=" ">
    <subfield code="a">Jansen, H.G.  Bremen in der Nachkriegszeit, 1990:</subfield>
    <subfield code="b">t.p. (Frauke Rubart) p. 283 (Frauke Rubarth; b. 1955; Diplom-Politologin)</subfield>
  </datafield>
</record>